@article {BostanciTrackingMethods,
author={Erkan Bostanci, Nadia Kanwal Nadia, Shoaib Ehsan y Adrian F. Clark},
year=2013,
title={User Tracking Methods for Augmented Reality},
journal={International Journal of Computer Theory and Engineering},
volume=5,
pages={98},
}
@article{articleOclusion,
  author  = {Tian Yuan, Guan Tao y Wang Cheng Wang}, 
  title   = {Real-Time Occlusion Handling in Augmented Reality Based on an Object Tracking Approach.},
  journal = {MDPI},
  year    = 2010,
  number  = 10,
  month   = 7,
  volume  = 10,
}
@book {ARToolkit,
author={C. González Morcillo, J.A Albusac Jiménez y J.J Castro Sánchez},
year=2012,
title={Realidad Aumentada. Un enfoque práctico con ARToolkit y Blender},
edition=1,
publisher={Bubok Publishing S.L},
adress={},
}
@book{ARQuake,
author={Wayne Piekarski y Bruce Thomas},
year=2002,
title={ARQuake: The Outdoor Augmented Reality Gaming System},
edition=1,
publisher={Bubok Publishing S.L},
adress={},
}

@book{ARGames_Gamification,
author={V. Geroimenko},
year=2019,
title={Augmented reality games II, The gamification of education, medicine and art},
edition=1,
publisher={Springer},
adress={Suiza},
}
@inbook{ARCarmigniani,
  author       = {Julie Carmigniani y Borko Furht}, 
  title        = {Augmented Reality: An Overview},
  chapter      = 1,
  pages        = {03-46},
  publisher    = {Springer},
  year         = 1993,
  volume       = 4,
  series       = 5,
  address      = {Nueva York},
  edition      = 3,
  month        = 7,
  note         = {Handbook of Augmented Reality},
}
@phdthesis{TrackingThesis,
  author       = {D. Marimon}, 
  title        = {Advances in Top-Down and Bottom-Up Approaches to Video-Based Camera Tracking},
  school       = {École Poly- technique Fédérale de Lausanne.},
  year         = 2007,
  address      = {France},
  month        = 7,
}

@online{Statista,
  author = {Statista},
  title = {Topic: Augmented Reality (AR)},
  year = 2019,
  url = {https://www.statista.com/topics/3286/augmented-reality-ar/},
  urldate = {2019-08-07},
}

@online{MaxstMedium,
  author = {Maxst},
  title = {SLAM, Core technology of AR, What is it?},
  year = 2018,
  url = {https://medium.com/maxst/slam-core-technology-of-ar-what-is-it-e6c9ae4839b4},
  urldate = {2019-09-02},
}

@online{ARCoreConcepts,
  author = {Google},
  title = {ARCore Fundamental Concepts.},
  year = 2019,
  url = {https://developers.google.com/ar/discover/concepts},
  urldate = {2019-09-02},
}


@online{BBC_FacialRecognition,
  author = {BBC Earth Lab},
  title = {How Does Facial Recognition Work? | Brit Lab},
  year = 2015,
  url = {https://www.youtube.com/watch?v=1aHub80AHFk},
  urldate = {2019-09-02},
}

@online{Facebook_FacialRecognition,
  author = {Yaniv Taigman, Ming Yang, Marc'Aurelio Ranzato and Lior Wolf},
  title = {DeepFace: Closing the Gap to Human-Level Performance in Face Verification},
  year = 2019,
  url = {https://research.fb.com/publications/deepface-closing-the-gap-to-human-level-performance-in-face-verification/},
  urldate = {2019-09-02},
}

@online{Apple_CloudAnchor,
  author = {Yaniv Taigman, Ming Yang y Marc'Aurelio Ranzato, Lior Wolf},
  title = {Creating a Multiuser AR Experience},
  year = 2019,
  url = {https://developer.apple.com/documentation/arkit/creating_a_multiuser_ar_experience?language=objc},
  urldate = {2019-09-02},
}
@online{Wikitude,
  author = {GmbH, Wikitude},
  title = {Wikitude Documentation},
  year = 2019,
  url = {https://www.wikitude.com/download/},
  urldate = {2019-09-01},
}
@online{ARCoreList,
  author = {Google},
  title = {ARCore supported devices},
  year = 2019,
  url = {https://developers.google.com/ar/discover/supported-devices},
  urldate = {2019-09-08},
}

@online{Github_Google,
  author = {Google},
  title = {Google's Github},
  year = 2019,
  url = {https://github.com/google-ar/arcore-unity-sdk/releases},
  urldate = {2019-09-08},
}
@online{WikitudeDoc,
  author = {GmbH, Wikitude},
  title = {Wikitude Unity Documentation},
  year = 2019,
  url = {https://www.wikitude.com/external/doc/documentation/latest/unity/gettingstartedunity.html#getting-started},
  urldate = {2019-09-08},
}

@online{AppleDeve,
  author = {Apple},
  title = {Apple Developer Documentation},
  year = 2019,
  url = { https://developer.apple.com/augmented-reality/arkit/},
  urldate = {2019-09-01},
}

@online{EasyAR,
  author = {EasyAR},
  title = {EasyAR},
  year = 2019,
  url = { https://www.easyar.com/view/sdk.html},
  urldate = {2019-09-01},
}
@online{ARCore,
  author = {Google},
  title = {ARCore developer documentation},
  year = 2019,
  url = { https://developers.google.com/ar/},
  urldate = {2019-09-01},
}
@online{Kudan,
  author = {Xlsoft},
  title = {Kudan developer documentation},
  year = 2019,
  url = {  https://www.xlsoft.com/en/products/kudan/price.html},
  urldate = {2019-09-01},
}
@online{Kudan_Official,
  author = {Kudan},
  title = {Kudan official webpage},
  year = 2019,
  url = { https://www.kudan.io/},
  urldate = {2019-09-08},
}
@online{Kudan_License,
  author = {Kudan},
  title = {Kudan License Keys},
  year = 2019,
  url = { https://www.xlsoft.com/doc/kudan/development-license-keys/},
  urldate = {2019-09-08},
}

@online{Maxst,
  author = {Maxst},
  title = {Maxst developer documentation},
  year = 2019,
  url = {   https://developer.maxst.com/},
  urldate = {2019-09-01},
}

@online{Vuforia,
  author = {Vuforia},
  title = {Vuforia developer documentation},
  year = 2019,
  url = {https://developer.vuforia.com/pricing},
  urldate = {2019-09-01},
}

@online{8thWall,
  author = {8thWall},
  title = {8thWall developer documentation},
  year = 2019,
  url = { https://www.8thwall.com/index.html},
  urldate = {2019-09-01},
}

@online{ ARFoundation,
  author = {Unity},
  title = {About AR Foundation},
  year = 2019,
  url = {https://docs.unity3d.com/Packages/com.unity.xr.arfoundation@2.1/manual/index.html},
  urldate = {2019-09-01},
}

@online{Unreal,
  author = {Games, E.},
  title = { Getting started with Unreal Engine 4 and Arkit},
  year = 2019,
  url = {https://www.unrealengine.com/en-US/blog/getting-started-with-ue4-and-arkit},
  urldate = {2019-09-01},
}


%EJEMPLOS
@conference{conference,
  author       = {Peter Draper}, 
  title        = {The title of the work},
  booktitle    = {The title of the book},
  year         = 1993,
  editor       = {The editor},
  volume       = 4,
  series       = 5,
  pages        = 213,
  address      = {The address of the publisher},
  month        = 7,
  organization = {The organization},
  publisher    = {The publisher},
  note         = {An optional note}  
}

